@ARTICLE{bowman:reasoning,
	AUTHOR = "Mic Bowman and Saumya K. Debray and Larry L. Peterson",
	TITLE = "Reasoning About Naming Systems",
	JOURNAL = "ACM Trans. Program. Lang. Syst.",
	VOLUME = {15},
	NUMBER = {5},
	PAGES = {795-825},
	MONTH = "November",
	YEAR = {1993}	}

@inproceedings{Zhang:2005:EQE:1099548.1100599,
    author = {Zhang, Jiangong and Suel, Torsten},
    title = {Efficient Query Evaluation on Large Textual Collections in a Peer-to-Peer Environment},
    booktitle = {Proceedings of the Fifth IEEE International Conference on Peer-to-Peer Computing},
    series = {P2P '05},
    year = {2005},
    isbn = {0-7695-2376-5},
    pages = {225--233},
    numpages = {9},
    url = {http://dx.doi.org/10.1109/P2P.2005.7},
    doi = {10.1109/P2P.2005.7},
    acmid = {1100599},
    publisher = {IEEE Computer Society},
    address = {Washington, DC, USA},
} 

@techreport{ilprints9,
    number = {1992-1},
    type = {Technical Report},
    title = {Performance of Inverted Indices in Distributed Text Document Retrieval Systems},
    author = {A. Tomasic and H. Garcia-Molina},
    publisher = {Stanford},
    year = {1992},
    institution = {Stanford University},
    url = {http://ilpubs.stanford.edu:8090/9/} }
}

